%% This BibTeX bibliography file was created using BibDesk.
%% https://bibdesk.sourceforge.io/

%% Created for Fran√ßois Milot at 2020-12-01 16:19:14 -0500 


%% Saved with string encoding Unicode (UTF-8) 



@article{docvec,
	Author = {Quoc Le and Tomas Mikolov},
	Date-Added = {2020-12-01 16:17:55 -0500},
	Date-Modified = {2020-12-01 16:19:12 -0500},
	Keywords = {docvec},
	Title = {Distributed Representations of Sentences and Documents},
	Url = {https://cs.stanford.edu/~quocle/paragraph_vector.pdf},
	Year = {2014}}

@article{wordvec,
	Author = {Tomas Mikolov and Kai Chen and Greg Corrado and Jeffrey Dean},
	Date-Added = {2020-12-01 15:23:47 -0500},
	Date-Modified = {2020-12-01 15:28:16 -0500},
	Keywords = {wordvec},
	Title = {Efficient Estimation of Word Representations in Vector Space},
	Url = {https://arxiv.org/pdf/1301.3781.pdf},
	Year = {2013},
	Bdsk-Url-1 = {https://arxiv.org/pdf/1301.3781.pdf}}

@article{fasttext,
	Author = {Piotr Bojanowski and Edouard Grave and Armand Joulin and Tomas Mikolov},
	Date-Added = {2020-12-01 14:45:17 -0500},
	Date-Modified = {2020-12-01 15:26:19 -0500},
	Journal = {TACL},
	Keywords = {fasttext},
	Title = {Enriching Word Vectors with Subword Information},
	Url = {https://arxiv.org/pdf/1607.04606.pdf},
	Year = {2017},
	Bdsk-Url-1 = {https://arxiv.org/pdf/1607.04606.pdf}}

@article{poem_rhyme_type,
	Author = {MasterClass},
	Date-Added = {2020-12-01 13:24:26 -0500},
	Date-Modified = {2020-12-01 13:26:45 -0500},
	Journal = {MasterClass},
	Keywords = {poem_rhyme_type},
	Lastchecked = {December 1st, 2020},
	Month = {November},
	Title = {Poetry 101: What Is a Rhyme Scheme? Learn About Rhymed Poems with Examples},
	Url = {%https://www.masterclass.com/articles/poetry-101-what-is-a-rhyme-scheme-learn-about-rhymed-poems-with-examples#what-is-a-rhymed-poem},
	Year = {2020}}

@misc{couplet_def,
	Author = {Merriam-Webster},
	Date-Added = {2020-12-01 13:19:47 -0500},
	Date-Modified = {2020-12-01 13:21:56 -0500},
	Keywords = {couplet_def},
	Lastchecked = {December 1st, 2020},
	Title = {Definition of couplets},
	Url = {https://www.merriam-webster.com/dictionary/couplet},
	Year = {2020},
	Bdsk-Url-1 = {https://www.merriam-webster.com/dictionary/couplet}}

@misc{end_rhyme_def,
	Author = {Encyclopaedia Britannica},
	Title = {End rhyme},
	Url = {https://www.britannica.com/art/end-rhyme},
	Year = {2016},
	Month = {10}}

@misc{internal_rhyme_def,
	Author = {Encyclopaedia Britannica},
	Title = {Internal rhyme},
	Url = {https://www.britannica.com/art/internal-rhyme},
	Year = {2016},
	Month = {03}}

@article{poem_type,
	Author = {MasterClass},
	Date-Added = {2020-12-01 13:01:26 -0500},
	Date-Modified = {2020-12-01 13:17:14 -0500},
	Journal = {MasterClass},
	Keywords = {poem_type},
	Lastchecked = {December 1st, 2020},
	Month = {November},
	Rating = {3},
	Title = {Poetry 101: Learn About Poetry, Different Types of Poems, and Poetic Devices With Examples},
	Url = {https://www.masterclass.com/articles/poetry-101-learn-about-poetry-different-types-of-poems-and-poetic-devices-with-examples#15-types-of-poetic-forms},
	Year = {2020},
	Bdsk-Url-1 = {https://www.masterclass.com/articles/poetry-101-learn-about-poetry-different-types-of-poems-and-poetic-devices-with-examples#15-types-of-poetic-forms}}

@thesis{keswarani,
	Author = {Vaibhav Kesarwani},
	Keywords = {rhyme_score},
	Title = {Automatic Poetry Classification Using Natural Language Processing},
	Url = {https://ruor.uottawa.ca/bitstream/10393/37309/1/Kesarwani_Vaibhav_2018_thesis.pdf},
	Year = {2018}}

@thesis{cole,
	Author = {Cole Peterson},
	Keywords = {rhyme_score},
	Title = {Generating Rhyming Poetry Using LSTM Recurrent Neural Networks},
	Url = {https://dspace.library.uvic.ca/bitstream/handle/1828/10801/Peterson_Cole_MSc_2019.pdf?sequence=3&isAllowed=y},
	Year = {2018}}

@article{ratcliff,
	Author = {John W. Ratcliff and David Metzener},
	Title = {Pattern Matching: The Gestalt Approach},
	Journal = {Dr. Dobb's Journal},
	Issue = {46},
	Year = {1988},
	Month = {07}}

@article{maluuba,
  author    = {Shikhar Sharma and
               Layla El Asri and
               Hannes Schulz and
               Jeremie Zumer},
  title     = {Relevance of Unsupervised Metrics in Task-Oriented Dialogue for Evaluating
               Natural Language Generation},
  journal   = {CoRR},
  volume    = {abs/1706.09799},
  year      = {2017},
  url       = {http://arxiv.org/abs/1706.09799},
  archivePrefix = {arXiv},
  eprint    = {1706.09799},
  timestamp = {Wed, 02 Sep 2020 17:21:08 +0200},
  biburl    = {https://dblp.org/rec/journals/corr/SharmaASZ17.bib},
  bibsource = {dblp computer science bibliography, https://dblp.org}
}

@misc{gutenbergpoetry,
  author = {Allison Parrish},
  title = {A Gutenberg Poetry Corpus},
  year = {2018},
  url = {https://github.com/aparrish/gutenberg-poetry-corpus}
}

@misc{poetryfoundation,
 author = {PoetryFoundation},
 title = {About Us},
 url = {https://www.poetryfoundation.org/foundation/about}}

@misc{poetryfoundationkaggle,
  author = {Divy Bramhecha},
  title = {Poetry Foundation Poems},
  year = {2019},
  url = {https://www.kaggle.com/tgdivy/poetry-foundation-poems}
}

@inproceedings{hopkins-kiela-2017,
    title = "Automatically Generating Rhythmic Verse with Neural Networks",
    author = "Hopkins, Jack  and
      Kiela, Douwe",
    booktitle = "Proceedings of the 55th Annual Meeting of the Association for Computational Linguistics (Volume 1: Long Papers)",
    month = {07},
    year = {2017},
    address = "Vancouver, Canada",
    publisher = "Association for Computational Linguistics",
    url = "https://www.aclweb.org/anthology/P17-1016",
    doi = "10.18653/v1/P17-1016",
    pages = "168--178",
}

@misc{bena2020introducing,
      title={Introducing Aspects of Creativity in Automatic Poetry Generation}, 
      author={Brendan Bena and Jugal Kalita},
      year={2020},
      eprint={2002.02511},
      archivePrefix={arXiv},
      primaryClass={cs.CL}
}

@article{Xie2017DeepP,
  title={Deep Poetry : Word-Level and Character-Level Language Models for Shakespearean Sonnet Generation},
  author={S. Xie},
  year={2017}
}

@misc{pronouncingpy,
  author={Allison Parrish},
  url={https://github.com/aparrish/pronouncingpy},
  title={A simple interface for the CMU pronouncing dictionary},
  year={2014}}

@misc{cmudict,
  url={http://www.speech.cs.cmu.edu/cgi-bin/cmudict},
  author={{Carnegie Mellon University}},
  title={The Carnegie Mellon University Pronouncing Dictionary}}

@book{jurafsky,
  url={https://web.stanford.edu/~jurafsky/slp3/27.pdf},
  author={Daniel Jurafsky and James H. Martin},
  title={Speech and Language Processing 3rd. ed. draft},
  year={2020}}

@inproceedings{hixon,
author = {Hixon, Ben and Schneider, Eric and Epstein, Susan},
year = {2011},
month = {01},
pages = {825-828},
title = {Phonemic Similarity Metrics to Compare Pronunciation Methods.}
}

@book{gutenbergnltk,
url = {https://www.nltk.org/book_1ed/ch02.html},
author = {Steven Bird, Ewan Klein and Edward Loper},
title = {Natural Language Processing with Python},
publisher = {O'Reilly},
year = {2012}}

@misc{projectgutenberg,
  url={https://www.gutenberg.org/about},
  author={{Project Gutenberg}},
  title={Project Gutenberg}}

